
@InProceedings{1,
author = {Fehmi Jaafar and Foutse Khomh and Yann-Gaël Guéhéneuc and Mohammad Zulkernine},
title = {Anti-pattern Mutations and Fault-proneness},
pages = {10},
year = {2014},
organization = {14th International Conference on Quality Software},
}

@InProceedings{2,
author = {Wanwangying Ma and Lin Chen and Yuming Zhou and Baowen Xu},
title = {Are Anti-patterns Coupled? An Empirical Study},
pages = {10},
year = {2015},
organization = {IEEE International Conference on Software Quality, Reliability and Security},
}

@InProceedings{Carmine,
author = {Carmine Vassallo and Sebastian Proksch and Harald C. Gall and Massimiliano Di Penta},
title = {Automated Reporting of Anti-Patterns and Decay in Continuous Integration},
pages = {11},
year = {2019},
organization = {IEEE/ACM 41st International Conference on Software Engineering},
}

@InProceedings{4,
author = {Boyuan Chen and Zhen Ming (Jack) Jiang},
title = {Characterizing and Detecting Anti-patterns in the Logging Code},
pages = {11},
year = {2017},
organization = {IEEE/ACM 39th International Conference on Software Engineering},
}

@InProceedings{5,
author = {Wolfram Fenske},
title = {Code Smells in Highly Configurable Software},
pages = {4},
year = {2015},
organization = {International Conference on Software Maintainence},
}

@InProceedings{6,
author = {Fabio Palomba and Damian A. Tamburri and Alexander Serebrenik and Andy Zaidman and Francesca Arcelli Fontana and Rocco Oliveto},
title = {How Do Community Smells Influence Code Smells?},
pages = {2},
year = {2018},
organization = {ACM/IEEE 40th International Conference on Software Engineering: Companion Proceedings},
}

@InProceedings{7,
author = {Kazi Zakia Sultana and Byron J. Williams and Amiangshu Bosu},
title = {A Comparison of Nano-patterns Vs. Software
Metrics in Vulnerability Prediction},
pages = {10},
year = {2018},
organization = {25th Asia-Pacific Software Engineering Conference},
}

@InProceedings{8,
author = {Felipe Ebert and Fernando Castor and Nicole Novielli and Alexander Serebrenik},
title = {Confusion Detection in Code Reviews},
year = {2017},
organization = {IEEE International Conference on Software Maintenance and Evolution},
}

@InProceedings{9,
author = {Felipe Ebert and Fernando Castor and Nicole Novielli and Alexander Serebrenik},
title = {Confusion in Code Reviews: Reasons, Impacts, and Coping Strategies},
year = {2019},
organization = {IEEE International Conference on Software Analysis, Evolution and Reengineering },
}

@InProceedings{10,
author = {Nadia Nahar and Kazi Sakib},
title = {ACDPR: A Recommendation System for the Creational Design Patterns Using Anti-patterns},
year = {2016},
organization = {IEEE 23rd International Conference on Software Analysis, Evolution, and Reengineering},
}

@InProceedings{11,
author = {Christoph Denzler and Dominik Gruntz},
title = {Design Patterns: Between Programming and Software Design},
year = {2008},
organization = {30th International Conference on Software Engineering},
}

@InProceedings{12,
author = {MU Huaxin and JIANG Shuai},
title = {Design Patterns in Software Development},
}

@InProceedings{13,
author = {Julie Street Fant},
title = {Building Domain Specific Software Architectures from Software Architectural Design Patterns},
}

@InProceedings{14,
author = {Mikio Aoyama},
title = {Evolutionary Patterns of Design and Design Patterns},
}

@InProceedings{15,
author = {Deller James Ferreira},
title = {Work in Progress: Exploring Programming Anti-patterns as Emphasis on Creativity in the Teaching of Computer Programming},
}

@InProceedings{16,
author = {Clemente Izurieta and James M. Bieman},
title = {How Software Designs Decay: A Pilot Study of Pattern Evolution},
organization = {First International Symposium on Empirical Software Engineering and Measurement},
}

@InProceedings{17,
author = {G. Antoniol, R. Fiutem and L. Cristoforetti},
title = {Using Metrics to Identify Design Patterns in Object-Oriented Software},
}

@InProceedings{18,
author = {Guilherme Bicalho de Pádua and Weiyi Shang},
title = {Studying the Prevalence of Exception Handling Anti-Patterns},
year = {2017},
organization = {IEEE 25th International Conference on Program Comprehension},
}

@InProceedings{19,
author = {Tie Feng and Jiachen Zhang and Hongyuan Wang and Xian Wang},
title = {Software Design Improvement through Anti-patterns Identification},
}

@InProceedings{20,
author = {Fuping ZENG and Aizhen CHEN and Hongyuan Wang and Xin TAO},
title = {Study on Software Reliability Design Criteria Based on Defect Patterns},
}

@InProceedings{21,
author = {Kazi Zakia Sultana},
title = {Towards a Software Vulnerability Prediction Model using Traceable Code Patterns and Software Metrics},
}

@InProceedings{22,
author = {Zhu Zemin},
title = {Study and Application of Patterns in Software Reuse},
year = {2009},
organization = {IITA International Conference on Control, Automation and Systems Engineering},
}

@InProceedings{23,
author = {Arbi Ghazarian},
title = {Work in Progress: Transitioning From Novice to Expert Software Engineers Through Design Patterns: Is It Really Working?},
}

@InProceedings{24,
author = {Ahmad Tahmid and Nadia Nahar and Kazi Sakib},
title = {Understanding the Evolution of Code Smells by Observing Code Smell Clusters},
year = {2016},
organization = {IEEE 23rd International Conference on Software Analysis, Evolution, and Reengineering},
}

@InProceedings{25,
author = {Harvinder Kaur and Puneet Jai Kaur},
title = {A GUI based Unit Testing Technique for Anti-
pattern Identification},
}